<record><leader>00000cas a22000007a 4500</leader><controlfield tag="001">9708805</controlfield><controlfield tag="008">830715d19051907ksuwr ne      0    0eng d</controlfield><controlfield tag="009">3789</controlfield><datafield ind1=" " ind2=" " tag="010"><subfield code="a">sn 83040387 </subfield></datafield><datafield ind1=" " ind2=" " tag="040"><subfield code="a">KSH</subfield><subfield code="b">eng</subfield><subfield code="c">KSH</subfield><subfield code="d">NPT</subfield></datafield><datafield ind1="1" ind2=" " tag="029"><subfield code="a">AU@</subfield><subfield code="b">000025795700</subfield></datafield><datafield ind1=" " ind2=" " tag="042"><subfield code="a">msc</subfield></datafield><datafield ind1=" " ind2=" " tag="043"><subfield code="a">n-us-ks</subfield></datafield><datafield ind1="0" ind2="4" tag="245"><subfield code="a">The Redfield herald.</subfield></datafield><datafield ind1=" " ind2=" " tag="260"><subfield code="a">Redfield, Kan. :</subfield><subfield code="b">[Bourbon County Press Association],</subfield><subfield code="c">1905-1907.</subfield></datafield><datafield ind1=" " ind2=" " tag="300"><subfield code="a">2 v. :</subfield><subfield code="b">ill. ;</subfield><subfield code="c">40-54 cm.</subfield></datafield><datafield ind1=" " ind2=" " tag="310"><subfield code="a">Weekly</subfield></datafield><datafield ind1="0" ind2=" " tag="362"><subfield code="a">Vol. 1, no. 1 (Apr. 8, 1905)-v. 2, no. 39 (Feb. 1, 1907)</subfield></datafield><datafield ind1=" " ind2=" " tag="500"><subfield code="a">Editor: W.E. Stockmyer.</subfield></datafield><datafield ind1="1" ind2=" " tag="700"><subfield code="a">Stockmyer, W. E.</subfield></datafield><datafield ind1=" " ind2=" " tag="752"><subfield code="a">United States</subfield><subfield code="b">Kansas</subfield><subfield code="c">Bourbon</subfield><subfield code="d">Redfield.</subfield></datafield><datafield ind1="0" ind2="4" tag="785"><subfield code="t">Weekly republican (Fort Scott, Kan.)</subfield><subfield code="w">(DLC)sn 83040395</subfield></datafield></record>